%%%%%%%%%%%%%%%%%%%%%%%%%%%%%%%%%%%%%%%%%%%%%%%%%%%%%%%%%%
% Acoustics and Music Technology Final Project Latex Template
%
% BIBLIOGRAPHY PAGE
% 	--> THIS IS AN EXAMPLE '.bib' FILE FOR USE WITH PROPER BIBLIOGRAPHY CREATION IN LATEX
%
%%%%%%%%%%%%%%%%%%%%%%%%%%%%%%%%%%%%%%%%%%%%%%%%%%%%%%%%%%


@article{moleti:otoacoustic,
	Author = {Arturo Moleti and Nicolo Paternoster and Daniele Bertaccini and Renata Sisto and Filippo Sanjust},
	Journal = {J. Acoust. Soc. Am.},
	Keywords = {biomembranes; frequency-domain analysis; iterative methods; otoacoustic emissions; time-domain analysis},
	Number = {5},
	Pages = {2425-2436},
	Publisher = {ASA},
	Title = {Otoacoustic emissions in time-domain solutions of nonlinear non-local cochlear models},
	Volume = {126},
	Year = {2009}}

@article{campbell:review,
	Author = {Campbell, D. M.},
	Date-Added = {2011-06-27 16:05:06 +0100},
	Date-Modified = {2012-03-21 22:38:35 +0000},
	Journal = {Contemp. Phys.},
	Number = 6,
	Pages = {415-431},
	Title = {Nonlinear dynamics of musical reed and brass wind instruments},
	Volume = 40,
	Year = 1999}

@book{mathews:1969:TechCompMusBook,
	Address = {Cambridge, MA},
	Author = {Mathews, M. V},
	Date-Added = {2011-07-06 12:36:01 +0100},
	Date-Modified = {2011-07-06 12:37:08 +0100},
	Publisher = {MIT Press},
	Title = {The Technology of Computer Music},
	Year = {1969}}

@article{risset:1969:MusicTones,
	Author = {Risset, J.-C. and Mathews, M.},
	Date-Added = {2011-07-06 12:24:41 +0100},
	Date-Modified = {2012-03-21 22:43:16 +0000},
	Journal = {Phys. Today},
	Number = {2},
	Pages = {32-40},
	Rating = {5},
	Title = {Analysis of musical-instrument tones},
	Volume = {22},
	Year = {1969}}

@article{grey:1977:MultiPercepTimbre,
	Author = {Grey, J. M.},
	Date-Added = {2011-07-06 12:20:43 +0100},
	Date-Modified = {2011-07-06 12:21:33 +0100},
	Journal = {J. Acoust. Soc. Am.},
	Number = {5},
	Pages = {1270-1277},
	Title = {Multidimensional perceptual scaling of musical timbres},
	Volume = {61},
	Year = {1977}}

